%-------------------------------------------------------------------------------
% REPLACE WITH YOUR PUBLICATIONS
%-------------------------------------------------------------------------------

@InProceedings{rex,
  author       = {Jinghao Jia and Ruowen Qin and Milo Craun and Egor Lukiyanov and Ayush Bansal and Michael V. Le and Hubertus Franke and Hani Jamjoom and Tianyin Xu and Dan Williams},
  title        = {{Rex: Closing the language-verifier gap with safe and usable kernel extensions}},
  booktitle    = {In submission at 2025 USENIX Annual Technical Conference (USENIX ATC '25)},
  %year         = {2025}
}
